@ARTICLE{nextJsArticle,
  author   = {Francisco Moretti},
  date     = {2023-09-26},
  title    = {Next.js Revolution â€” The framework popularity rises in 2023},
  subtitle = {},
  url      = {https://medium.com/@franciscomoretti/next-js-revolution-the-framework-popularity-rises-in-2023-a8ebc52d673a},
  urldate  = {2025-09-27}
}

@ARTICLE{poissonArticle,
  author       = {Zhao, Jing and Zhang, Fan and Zhao, Chao and Wu, Gang and Wang, Haitao and Cao, Xinyu},
  title        = {The Properties and Application of Poisson Distribution},
  booktitle    = {Journal of Physics: Conference Series},
  volume       = {1550},
  number       = {3},
  pages        = {032109},
  year         = {2020},
  doi          = {10.1088/1742-6596/1550/3/032109},
  publisher    = {IOP Publishing},
}

@online{WebAppsReplacingNative,
  author       = {Henshaw, Jon},
  title        = {Why Web Apps Are Quietly Replacing Native Apps on Phones and Computers},
  year         = {2024},
  url          = {https://coywolf.com/news/productivity/why-web-apps-are-quietly-replacing-native-apps-on-phones-and-computers/},
  note         = {Accessed: 2025-10-20},
  organization = {Coywolf News}
}

@online{OfficeForWeb,
  author       = {Doll, Bill},
  title        = {Why You Should Use Office for the Web},
  year         = {2019},
  url          = {https://techcommunity.microsoft.com/blog/microsoft_365blog/why-you-should-use-office-for-the-web/567060},
  note         = {Accessed: 2025-10-20},
  organization = {Microsoft 365 Blog}
}

@article{NativeVsWeb,
  author       = {Horn, Philipp and Bose, Rituparna and Becker, Christian},
  title        = {Native vs Web Apps: Comparing the Energy Consumption and Performance of Android Apps and their Web Counterparts},
  journal      = {arXiv preprint arXiv:2308.16734},
  year         = {2023},
  url          = {https://arxiv.org/abs/2308.16734},
  note         = {Accessed: 2025-10-20}
}
